%% This BibTeX bibliography file was created using BibDesk.
%% http://bibdesk.sourceforge.net/


%% Created for Pitman, E Bruce at 2018-03-28 12:34:13 -0400 


%% Saved with string encoding Unicode (UTF-8) 



@article{hll,
	Author = {A. Harten and P.D. Lax and B. van Leer},
	Date-Added = {2018-03-28 16:32:43 +0000},
	Date-Modified = {2018-03-28 16:34:09 +0000},
	Journal = {SIAM Review},
	Pages = {35-61},
	Title = {On Upstream Differencing and Godunov-type Schemes for Hyperbolic Conservation Laws},
	Volume = {25},
	Year = {1983}}

@article{hartenlax,
	Author = {A. Harten and P.D. Lax},
	Date-Added = {2018-03-27 15:16:24 +0000},
	Date-Modified = {2018-03-27 15:17:41 +0000},
	Journal = {SIAM J. Numer. Analy.},
	Pages = {289--315},
	Title = {A Random Choice Finite Difference Scheme for Hyperbolic Conservation Laws},
	Volume = {18},
	Year = {1981}}

@article{chorinporousmedium,
	Author = {A. Chorin},
	Date-Added = {2018-03-27 15:08:24 +0000},
	Date-Modified = {2018-03-27 15:11:07 +0000},
	Journal = {Comm. Math. Phys},
	Pages = {103--116},
	Title = {The instability of fronts in a porous medium},
	Volume = {91},
	Year = {1983}}

@article{thompson1990time,
	Author = {Thompson, Kevin W},
	Journal = {Journal of Computational Physics},
	Number = {2},
	Pages = {439--461},
	Publisher = {Elsevier},
	Title = {Time-dependent boundary conditions for hyperbolic systems, II},
	Volume = {89},
	Year = {1990}}

@book{godlewski2013numerical,
	Author = {Godlewski, Edwige and Raviart, Pierre-Arnaud},
	Publisher = {Springer Science \& Business Media},
	Title = {Numerical approximation of hyperbolic systems of conservation laws},
	Volume = {118},
	Year = {2013}}

@article{kreiss1970initial,
	Author = {Kreiss, Heinz-Otto},
	Journal = {Communications on Pure and Applied Mathematics},
	Number = {3},
	Pages = {277--298},
	Publisher = {Wiley Online Library},
	Title = {Initial boundary value problems for hyperbolic systems},
	Volume = {23},
	Year = {1970}}

@article{majda1975initial,
	Author = {Majda, Andrew and Osher, Stanley},
	Journal = {Communications on Pure and Applied Mathematics},
	Number = {5},
	Pages = {607--675},
	Publisher = {Wiley Online Library},
	Title = {Initial-boundary value problems for hyperbolic equations with uniformly characteristic boundary},
	Volume = {28},
	Year = {1975}}

@article{ralston1971note,
	Author = {Ralston, James V},
	Journal = {Communications on Pure and Applied Mathematics},
	Number = {6},
	Pages = {759--762},
	Publisher = {Wiley Online Library},
	Title = {Note on a paper of Kreiss},
	Volume = {24},
	Year = {1971}}

@article{benabdallah1987problemes,
	Author = {Benabdallah, Assia and Serre, Denis and LIONS, J-L},
	Journal = {Comptes rendus de l'Acad{\'e}mie des sciences. S{\'e}rie 1, Math{\'e}matique},
	Number = {15},
	Pages = {677--680},
	Publisher = {Elsevier},
	Title = {Probl{\`e}mes aux limites pour des syst{\`e}mes hyperboliques non lin{\'e}aires de deux {\'e}quations {\`a} une dimension d'espace},
	Volume = {305},
	Year = {1987}}

@book{dubois1989boundary,
	Author = {Dubois, Fran{\c{c}}ois and Le Floch, Philippe},
	Publisher = {Springer},
	Title = {Boundary conditions for nonlinear hyperbolic systems of conservation laws},
	Year = {1989}}

@techreport{oliger1976theoretical,
	Author = {Oliger, Joseph and Sundstrom, Arne},
	Institution = {DTIC Document},
	Title = {Theoretical and Practical Aspects of Some Initial-Boundary Value Problems in Fluid Dynamics.},
	Year = {1976}}

@article{guaily2013boundary,
	Author = {Guaily, Amr G and Epstein, Marcelo},
	Journal = {Journal of advanced research},
	Number = {4},
	Pages = {321--329},
	Publisher = {Elsevier},
	Title = {Boundary conditions for hyperbolic systems of partial differentials equations},
	Volume = {4},
	Year = {2013}}

@book{pletcher2012computational,
	Author = {Pletcher, Richard H and Tannehill, John C and Anderson, Dale},
	Publisher = {CRC Press},
	Title = {Computational fluid mechanics and heat transfer},
	Year = {2012}}

@inproceedings{morton1956turbulent,
	Author = {Morton, BR and Taylor, Geoffrey and Turner, JS},
	Booktitle = {Proceedings of the Royal Society of London A: Mathematical, Physical and Engineering Sciences},
	Number = {1196},
	Organization = {The Royal Society},
	Pages = {1--23},
	Title = {Turbulent gravitational convection from maintained and instantaneous sources},
	Volume = {234},
	Year = {1956}}

@book{bullard1962volcanoes,
	Author = {Bullard, Fred Mason},
	Publisher = {Wiley Online Library},
	Title = {Volcanoes: in history, in theory, in eruption},
	Year = {1962}}

@article{settle1978volcanic,
	Author = {Settle, Mark},
	Journal = {Journal of Volcanology and Geothermal Research},
	Number = {3},
	Pages = {309--324},
	Publisher = {Elsevier},
	Title = {Volcanic eruption clouds and the thermal power output of explosive eruptions},
	Volume = {3},
	Year = {1978}}

@article{wilson1978control,
	Author = {Wilson, L and Sparks, RSJ and Huang, TC and Watkins, ND},
	Journal = {Journal of Geophysical Research: Solid Earth (1978--2012)},
	Number = {B4},
	Pages = {1829--1836},
	Publisher = {Wiley Online Library},
	Title = {The control of volcanic column heights by eruption energetics and dynamics},
	Volume = {83},
	Year = {1978}}

@article{woods1988fluid,
	Author = {Woods, AW},
	Journal = {Bulletin of Volcanology},
	Number = {3},
	Pages = {169--193},
	Publisher = {Springer},
	Title = {The fluid dynamics and thermodynamics of eruption columns},
	Volume = {50},
	Year = {1988}}

@article{woods1995decompression,
	Author = {Woods, Andrew W and Bower, Sally M},
	Journal = {Earth and Planetary Science Letters},
	Number = {3},
	Pages = {189--205},
	Publisher = {Elsevier},
	Title = {The decompression of volcanic jets in a crater during explosive volcanic eruptions},
	Volume = {131},
	Year = {1995}}

@book{sparks1997volcanic,
	Author = {Sparks, Robert Stephen John and Bursik, MI and Carey, SN and Gilbert, Jennifer and Glaze, LS and Sigurdsson, H and Woods, AW},
	Publisher = {Wiley},
	Title = {Volcanic plumes},
	Year = {1997}}

@article{woods1993moist,
	Author = {Woods, Andrew W},
	Journal = {Journal of Geophysical Research: Solid Earth (1978--2012)},
	Number = {B10},
	Pages = {17627--17636},
	Publisher = {Wiley Online Library},
	Title = {Moist convection and the injection of volcanic ash into the atmosphere},
	Volume = {98},
	Year = {1993}}

@article{koyaguchi1996formation,
	Author = {Koyaguchi, Takehiro and Woods, Andrew W},
	Journal = {Journal of Geophysical Research: Solid Earth (1978--2012)},
	Number = {B3},
	Pages = {5561--5574},
	Publisher = {Wiley Online Library},
	Title = {On the formation of eruption columns following explosive mixing of magma and surface-water},
	Volume = {101},
	Year = {1996}}

@article{woods1991particle,
	Author = {Woods, Andrew W and Bursik, Marcus I},
	Journal = {Bulletin of Volcanology},
	Number = {7},
	Pages = {559--570},
	Publisher = {Springer},
	Title = {Particle fallout, thermal disequilibrium and volcanic plumes},
	Volume = {53},
	Year = {1991}}

@article{valentine1989numerical,
	Author = {Valentine, Greg A and Wohletz, Kenneth H},
	Journal = {J. Geophys. Res},
	Pages = {1867--1887},
	Title = {Numerical models of Plinian eruption columns and pyroclastic flows},
	Volume = {94},
	Year = {1989}}

@article{girault2014effect,
	Author = {Girault, Fr{\'e}d{\'e}ric and Carazzo, Guillaume and Tait, Steve and Ferrucci, Fabrizio and Kaminski, {\'E}douard},
	Journal = {Earth and Planetary Science Letters},
	Pages = {124--134},
	Publisher = {Elsevier},
	Title = {The effect of total grain-size distribution on the dynamics of turbulent volcanic plumes},
	Volume = {394},
	Year = {2014}}

@article{vitturi2015plume,
	Author = {Vitturi, M de'Michieli and Neri, Augusto and Barsotti, Sara},
	Journal = {Geoscientific Model Development},
	Number = {8},
	Pages = {2447},
	Publisher = {Copernicus GmbH},
	Title = {PLUME-MoM 1.0: A new integral model of volcanic plumes based on the method of moments},
	Volume = {8},
	Year = {2015}}

@article{pelantinumerical,
	Author = {Pelanti, Marica and LeVeque, Randall J},
	Title = {Numerical Simulation of Volcanic Jets}}

@article{bursik2001effect,
	Author = {Bursik, M},
	Journal = {Geophys. Res. Lett},
	Number = {18},
	Pages = {3621--3624},
	Title = {Effect of wind on the rise height of volcanic plumes},
	Volume = {28},
	Year = {2001}}

@article{mastin2007user,
	Author = {Mastin, Larry G},
	Journal = {Geochemistry, Geophysics, Geosystems},
	Number = {3},
	Publisher = {Wiley Online Library},
	Title = {A user-friendly one-dimensional model for wet volcanic plumes},
	Volume = {8},
	Year = {2007}}

@book{lockwood2013volcanoes,
	Author = {Lockwood, John P and Hazlett, Richard W},
	Publisher = {John Wiley \& Sons},
	Title = {Volcanoes: global perspectives},
	Year = {2013}}

@article{wohletz1984hydrodynamic,
	Author = {Wohletz, KH and McGetchin, TR and Sandford, MT and Jones, EM},
	Journal = {Journal of Geophysical Research: Solid Earth (1978--2012)},
	Number = {B10},
	Pages = {8269--8285},
	Publisher = {Wiley Online Library},
	Title = {Hydrodynamic aspects of caldera-forming eruptions: Numerical models},
	Volume = {89},
	Year = {1984}}

@article{valentine1989numerical,
	Author = {Valentine, Greg A and Wohletz, Kenneth H},
	Journal = {J. Geophys. Res},
	Pages = {1867--1887},
	Title = {Numerical models of Plinian eruption columns and pyroclastic flows},
	Volume = {94},
	Year = {1989}}

@article{dobran1993numerical,
	Author = {Dobran, Flavio and Neri, Augusto and Macedonio, Giovanni},
	Journal = {Journal of Geophysical Research: Solid Earth (1978--2012)},
	Number = {B3},
	Pages = {4231--4259},
	Publisher = {Wiley Online Library},
	Title = {Numerical simulation of collapsing volcanic columns},
	Volume = {98},
	Year = {1993}}

@article{neri1994influence,
	Author = {Neri, Augusto and Dobran, Flavio},
	Journal = {Journal of Geophysical Research: Solid Earth (1978--2012)},
	Number = {B6},
	Pages = {11833--11857},
	Publisher = {Wiley Online Library},
	Title = {Influence of eruption parameters on the thermofluid dynamics of collapsing volcanic columns},
	Volume = {99},
	Year = {1994}}

@article{neri1996numerical,
	Author = {Neri, Augusto and Macedonio, Giovanni},
	Journal = {Journal of Geophysical Research: Solid Earth (1978--2012)},
	Number = {B4},
	Pages = {8153--8174},
	Publisher = {Wiley Online Library},
	Title = {Numerical simulation of collapsing volcanic columns with particles of two sizes},
	Volume = {101},
	Year = {1996}}

@article{clarke2002transient,
	Author = {Clarke, AB and Voight, B and Neri, A and Macedonio, G},
	Journal = {Nature},
	Number = {6874},
	Pages = {897--901},
	Publisher = {Nature Publishing Group},
	Title = {Transient dynamics of vulcanian explosions and column collapse},
	Volume = {415},
	Year = {2002}}

@article{neri1998role,
	Author = {Neri, Augusto and Papale, Paolo and Macedonio, Giovanni},
	Journal = {Journal of volcanology and geothermal research},
	Number = {1},
	Pages = {95--115},
	Publisher = {Elsevier},
	Title = {The role of magma composition and water content in explosive eruptions: 2. Pyroclastic dispersion dynamics},
	Volume = {87},
	Year = {1998}}

@article{neri2002mass,
	Author = {Neri, Augusto and Di Muro, Andrea and Rosi, Mauro},
	Journal = {Journal of volcanology and geothermal research},
	Number = {1},
	Pages = {1--18},
	Publisher = {Elsevier},
	Title = {Mass partition during collapsing and transitional columns by using numerical simulations},
	Volume = {115},
	Year = {2002}}

@article{neri2003coupled,
	Author = {Neri, Augusto and Papale, Paolo and Del Seppia, Dario and Santacroce, Roberto},
	Journal = {Journal of volcanology and geothermal research},
	Number = {1},
	Pages = {141--160},
	Publisher = {Elsevier},
	Title = {Coupled conduit and atmospheric dispersal dynamics of the AD 79 Plinian eruption of Vesuvius},
	Volume = {120},
	Year = {2003}}

@article{neri2003multiparticle,
	Author = {Neri, Augusto and Esposti Ongaro, Thmaso and Macedonio, Giovanni and Gidaspow, Dimitri},
	Journal = {Journal of Geophysical Research: Solid Earth (1978--2012)},
	Number = {B4},
	Publisher = {Wiley Online Library},
	Title = {Multiparticle simulation of collapsing volcanic columns and pyroclastic flow},
	Volume = {108},
	Year = {2003}}

@article{degruyter2012improving,
	Author = {Degruyter, Wim and Bonadonna, Costanza},
	Journal = {Geophysical Research Letters},
	Number = {16},
	Publisher = {Wiley Online Library},
	Title = {Improving on mass flow rate estimates of volcanic eruptions},
	Volume = {39},
	Year = {2012}}

@article{woodhouse2013interaction,
	Author = {Woodhouse, MJ and Hogg, AJ and Phillips, JC and Sparks, RSJ},
	Journal = {Journal of Geophysical Research: Solid Earth},
	Number = {1},
	Pages = {92--109},
	Publisher = {Wiley Online Library},
	Title = {Interaction between volcanic plumes and wind during the 2010 Eyjafjallaj{\"o}kull eruption, Iceland},
	Volume = {118},
	Year = {2013}}

@article{devenish2013using,
	Author = {Devenish, BJ},
	Journal = {Journal of Volcanology and Geothermal Research},
	Pages = {118--127},
	Publisher = {Elsevier},
	Title = {Using simple plume models to refine the source mass flux of volcanic eruptions according to atmospheric conditions},
	Volume = {256},
	Year = {2013}}

@article{de2015plume,
	Author = {de'Michieli Vitturi, M and Neri, Augusto and Barsotti, Sara},
	Journal = {Geoscientific Model Development},
	Number = {8},
	Pages = {2447--2463},
	Publisher = {Copernicus GmbH},
	Title = {PLUME-MoM 1.0: A new integral model of volcanic plumes based on the method of moments},
	Volume = {8},
	Year = {2015}}

@article{folch2016fplume,
	Author = {Folch, Arnau and Costa, Antonio and Macedonio, Giovannin},
	Journal = {Geoscientific Model Development},
	Number = {1},
	Pages = {431},
	Publisher = {Copernicus GmbH},
	Title = {FPLUME-1.0: An integral volcanic plume model accounting for ash aggregation},
	Volume = {9},
	Year = {2016}}

@article{pouget2016sensitivity,
	Author = {Pouget, S and Bursik, M and Singla, P and Singh, T},
	Journal = {Journal of Volcanology and Geothermal Research},
	Publisher = {Elsevier},
	Title = {Sensitivity analysis of a one-dimensional model of a volcanic plume with particle fallout and collapse behavior},
	Year = {2016}}

@article{neri20074d,
	Author = {Neri, Augusto and Esposti Ongaro, Thmaso and Menconi, Gianluca and De'Michieli Vitturi, Mattia and Cavazzoni, Carlo and Erbacci, Giovanni and Baxter, Peter J},
	Journal = {Geophysical research letters},
	Number = {4},
	Publisher = {Wiley Online Library},
	Title = {4D simulation of explosive eruption dynamics at Vesuvius},
	Volume = {34},
	Year = {2007}}

@article{ongaro2007parallel,
	Author = {Esposti Ongaro, Thmaso and Cavazzoni, Carlo and Erbacci, Giovanni and Neri, Augusto and Salvetti, Maria-Vittoria},
	Journal = {Parallel Computing},
	Number = {7},
	Pages = {541--560},
	Publisher = {Elsevier},
	Title = {A parallel multiphase flow code for the 3D simulation of explosive volcanic eruptions},
	Volume = {33},
	Year = {2007}}

@article{carcano2013semi,
	Author = {Carcano, S and Bonaventura, L and Esposti Ongaro, Thmaso and Neri, A},
	Journal = {Geoscientific Model Development},
	Number = {6},
	Pages = {1905--1924},
	Publisher = {Copernicus GmbH},
	Title = {A semi-implicit, second-order-accurate numerical model for multiphase underexpanded volcanic jets},
	Volume = {6},
	Year = {2013}}

@article{suzuki2005numerical,
	Author = {Suzuki, Yujiro J and Koyaguchi, Takehiro and Ogawa, Masaki and Hachisu, Izumi},
	Journal = {Journal of Geophysical Research: Solid Earth},
	Number = {B8},
	Publisher = {Wiley Online Library},
	Title = {A numerical study of turbulent mixing in eruption clouds using a three-dimensional fluid dynamics model},
	Volume = {110},
	Year = {2005}}

@book{fischer2013mixing,
	Author = {Fischer, Hugo B and List, John E and Koh, C Robert and Imberger, Jorg and Brooks, Norman H},
	Publisher = {Elsevier},
	Title = {Mixing in inland and coastal waters},
	Year = {2013}}

@article{suzuki2010numerical,
	Author = {Suzuki, YJ and Koyaguchi, T},
	Journal = {Geophysical Research Letters},
	Number = {5},
	Publisher = {Wiley Online Library},
	Title = {Numerical determination of the efficiency of entrainment in volcanic eruption columns},
	Volume = {37},
	Year = {2010}}

@article{suzuki20133d,
	Author = {Suzuki, Yujiro J and Koyaguchi, Takehiro},
	Journal = {Earth, Planets and Space},
	Number = {6},
	Pages = {581--589},
	Publisher = {Springer},
	Title = {3D numerical simulation of volcanic eruption clouds during the 2011 Shinmoe-dake eruptions},
	Volume = {65},
	Year = {2013}}

@article{suzuki2009three,
	Author = {Suzuki, YJ and Koyaguchi, T},
	Journal = {Journal of Geophysical Research: Solid Earth (1978--2012)},
	Number = {B3},
	Publisher = {Wiley Online Library},
	Title = {A three-dimensional numerical simulation of spreading umbrella clouds},
	Volume = {114},
	Year = {2009}}

@article{koyaguchi2010effects,
	Author = {Koyaguchi, Takehiro and Suzuki, Yujiro J and Kozono, Tomofumi},
	Journal = {Journal of Geophysical Research: Solid Earth (1978--2012)},
	Number = {B7},
	Publisher = {Wiley Online Library},
	Title = {Effects of the crater on eruption column dynamics},
	Volume = {115},
	Year = {2010}}

@article{koyaguchi2009effect,
	Author = {Koyaguchi, Takehiro and Ochiai, Kiyokatsu and Suzuki, Yujiro J},
	Journal = {Journal of Volcanology and Geothermal Research},
	Number = {1},
	Pages = {68--78},
	Publisher = {Elsevier},
	Title = {The effect of intensity of turbulence in umbrella cloud on tephra dispersion during explosive volcanic eruptions: Experimental and numerical approaches},
	Volume = {186},
	Year = {2009}}

@article{suzuki20123,
	Author = {Suzuki, Yujiro J and Koyaguchi, Takehiro},
	Journal = {Journal of Volcanology and Geothermal Research},
	Pages = {1--13},
	Publisher = {Elsevier},
	Title = {3-D numerical simulations of eruption column collapse: Effects of vent size on pressure-balanced jet/plumes},
	Volume = {221},
	Year = {2012}}

@article{oberhuber1998volcanic,
	Author = {Oberhuber, Josef M and Herzog, Michael and Graf, Hans-F and Schwanke, Karsten},
	Journal = {Journal of Volcanology and Geothermal Research},
	Number = {1},
	Pages = {29--53},
	Publisher = {Elsevier},
	Title = {Volcanic plume simulation on large scales},
	Volume = {87},
	Year = {1998}}

@article{herzog1998effect,
	Author = {Herzog, Michael and Graf, Hans-F and Textor, Christiane and Oberhuber, Josef M},
	Journal = {Journal of Volcanology and Geothermal Research},
	Number = {1},
	Pages = {55--74},
	Publisher = {Elsevier},
	Title = {The effect of phase changes of water on the development of volcanic plumes},
	Volume = {87},
	Year = {1998}}

@article{langmann1997radiative,
	Author = {Langmann, B{\"a}rbel and Herzog, Michael and Graf, Hans-F},
	Journal = {Journal of Aerosol Science},
	Pages = {S389--S390},
	Publisher = {Pergamon},
	Title = {Radiative forcing of sulfate aerosols as determined by a regional circulation-chemistry transport model},
	Volume = {28},
	Year = {1997}}

@article{trentmann2002simulation,
	Author = {Trentmann, J and Andreae, MO and Graf, H-F and Hobbs, PV and Ottmar, RD and Trautmann, T},
	Journal = {Journal of Geophysical Research: Atmospheres (1984--2012)},
	Number = {D2},
	Pages = {AAC--5},
	Publisher = {Wiley Online Library},
	Title = {Simulation of a biomass-burning plume: Comparison of model results with observations},
	Volume = {107},
	Year = {2002}}

@article{textor2003injection,
	Author = {Textor, Christiane and Graf, Hans-F and Herzog, Michael and Oberhuber, JM},
	Journal = {Journal of Geophysical Research: Atmospheres (1984--2012)},
	Number = {D19},
	Publisher = {Wiley Online Library},
	Title = {Injection of gases into the stratosphere by explosive volcanic eruptions},
	Volume = {108},
	Year = {2003}}

@article{herzog2003prognostic,
	Author = {Herzog, Michael and Oberhuber, Josef M and Graf, Hans-F},
	Journal = {Journal of the Atmospheric Sciences},
	Number = {22},
	Pages = {2783--2796},
	Title = {A prognostic turbulence scheme for the nonhydrostatic plume model ATHAM},
	Volume = {60},
	Year = {2003}}

@article{textor2006volcanic1,
	Author = {Textor, Christiane and Graf, Hans-F and Herzog, Michael and Oberhuber, Josef M and Rose, William I and Ernst, Gerald GJ},
	Journal = {Journal of Volcanology and Geothermal Research},
	Number = {4},
	Pages = {359--377},
	Publisher = {Elsevier},
	Title = {Volcanic particle aggregation in explosive eruption columns. Part I: Parameterization of the microphysics of hydrometeors and ash},
	Volume = {150},
	Year = {2006}}

@article{textor2006volcanic2,
	Author = {Textor, C and Graf, Hans-F and Herzog, Michael and Oberhuber, Josef M and Rose, William I and Ernst, GGJ},
	Journal = {Journal of Volcanology and Geothermal Research},
	Number = {4},
	Pages = {378--394},
	Publisher = {Elsevier},
	Title = {Volcanic particle aggregation in explosive eruption columns. Part II: Numerical experiments},
	Volume = {150},
	Year = {2006}}

@book{kobs2009modeling,
	Author = {Kobs, Shannon},
	Publisher = {State University of New York at Buffalo},
	Title = {Modeling particle motion and near-vent deposition in explosive volcanic eruptions},
	Year = {2009}}

@article{herzog2010applying,
	Author = {Herzog, Michael and Graf, Hans-F},
	Journal = {Geophysical Research Letters},
	Number = {19},
	Publisher = {Wiley Online Library},
	Title = {Applying the three-dimensional model ATHAM to volcanic plumes: Dynamic of large co-ignimbrite eruptions and associated injection heights for volcanic gases},
	Volume = {37},
	Year = {2010}}

@article{bursik2009volcanic,
	Author = {Bursik, MI and Kobs, SE and Burns, A and Braitseva, OA and Bazanova, LI and Melekestsev, IV and Kurbatov, A and Pieri, DC},
	Journal = {Journal of Volcanology and Geothermal Research},
	Number = {1},
	Pages = {60--67},
	Publisher = {Elsevier},
	Title = {Volcanic plumes and wind: Jetstream interaction examples and implications for air traffic},
	Volume = {186},
	Year = {2009}}

@article{van2015hail,
	Author = {Van Eaton, Alexa R and Mastin, Larry G and Herzog, Michael and Schwaiger, Hans F and Schneider, David J and Wallace, Kristi L and Clarke, Amanda B},
	Journal = {Nature communications},
	Publisher = {Nature Publishing Group},
	Title = {Hail formation triggers rapid ash aggregation in volcanic plumes},
	Volume = {6},
	Year = {2015}}

@article{cerminara2016ashee,
	Author = {Cerminara, M and Esposti Ongaro, Thmaso and Berselli, LC},
	Journal = {Geoscientific Model Development},
	Number = {2},
	Pages = {697--730},
	Publisher = {Copernicus GmbH},
	Title = {ASHEE-1.0: a compressible, equilibrium-Eulerian model for volcanic ash plumes},
	Volume = {9},
	Year = {2016}}

@article{bonadonna2012future,
	Author = {Bonadonna, Costanza and Folch, Arnau and Loughlin, Susan and Puempel, Herbert},
	Journal = {Bulletin of volcanology},
	Number = {1},
	Pages = {1--10},
	Publisher = {Springer},
	Title = {Future developments in modelling and monitoring of volcanic ash clouds: outcomes from the first IAVCEI-WMO workshop on Ash Dispersal Forecast and Civil Aviation},
	Volume = {74},
	Year = {2012}}

@article{costa2016results,
	Author = {Costa, A and Suzuki, YJ and Cerminara, M and Devenish, BJ and Esposti Ongaro, Thmaso and Herzog, M and Van Eaton, AR and Denby, LC and Bursik, M and de' Michieli Vitturi, Mattia and others},
	Journal = {Journal of Volcanology and Geothermal Research},
	Publisher = {Elsevier},
	Title = {Results of the eruptive column model inter-comparison study},
	Year = {2016}}

@article{peterson2008forecasting,
	Author = {Peterson, Rorik A and Dean, Ken G},
	Journal = {Journal of Volcanology and Geothermal Research},
	Number = {3},
	Pages = {230--246},
	Publisher = {Elsevier},
	Title = {Forecasting exposure to volcanic ash based on ash dispersion modeling},
	Volume = {170},
	Year = {2008}}

@article{costa2013density,
	Author = {Costa, Antonio and Folch, Arnau and Macedonio, Giovanni},
	Journal = {Geophysical Research Letters},
	Number = {18},
	Pages = {4823--4827},
	Publisher = {Wiley Online Library},
	Title = {Density-driven transport in the umbrella region of volcanic clouds: Implications for tephra dispersion models},
	Volume = {40},
	Year = {2013}}

@article{cerminara2016large,
	Author = {Cerminara, Matteo and Esposti Ongaro, Thmaso and Neri, Augusto},
	Journal = {Journal of Volcanology and Geothermal Research},
	Publisher = {Elsevier},
	Title = {Large Eddy Simulation of gas--particle kinematic decoupling and turbulent entrainment in volcanic plumes},
	Year = {2016}}

@article{chojnicki2014flow,
	Author = {Chojnicki, KN and Clarke, AB and Adrian, RJ and Phillips, JC},
	Journal = {Geochemistry, Geophysics, Geosystems},
	Number = {12},
	Pages = {4831--4845},
	Publisher = {Wiley Online Library},
	Title = {The flow structure of jets from transient sources and implications for modeling short-duration explosive volcanic eruptions},
	Volume = {15},
	Year = {2014}}

@article{sigurdsson19841982,
	Author = {Sigurdsson, H and Carey, SN and Espindola, JM},
	Journal = {Journal of Volcanology and Geothermal Research},
	Number = {1},
	Pages = {11--37},
	Publisher = {Elsevier},
	Title = {The 1982 eruptions of El Chich{\'o}n volcano, Mexico: stratigraphy of pyroclastic deposits},
	Volume = {23},
	Year = {1984}}

@article{carey1982influence,
	Author = {Carey, Steven N and Sigurdsson, Haraldur},
	Journal = {Journal of Geophysical Research: Solid Earth},
	Number = {B8},
	Pages = {7061--7072},
	Publisher = {Wiley Online Library},
	Title = {Influence of particle aggregation on deposition of distal tephra from the May 18, 1980, eruption of Mount St. Helens volcano},
	Volume = {87},
	Year = {1982}}

@article{taddeucci2011aggregation,
	Author = {Taddeucci, J and Scarlato, P and Montanaro, C and Cimarelli, C and Del Bello, E and Freda, C and Andronico, D and Gudmundsson, MT and Dingwell, DB},
	Journal = {Geology},
	Number = {9},
	Pages = {891--894},
	Publisher = {Geological Society of America},
	Title = {Aggregation-dominated ash settling from the Eyjafjallaj{\"o}kull volcanic cloud illuminated by field and laboratory high-speed imaging},
	Volume = {39},
	Year = {2011}}

@article{ernst1996sedimentation,
	Author = {Ernst, Gerald GJ and Sparks, R Stephen J and Carey, Steven N and Bursik, Marcus I},
	Journal = {Journal of Geophysical Research: Solid Earth},
	Number = {B3},
	Pages = {5575--5589},
	Publisher = {Wiley Online Library},
	Title = {Sedimentation from turbulent jets and plumes},
	Volume = {101},
	Year = {1996}}

@misc{114,
	Author = {Bursik , Marcus I and Carbonara , Alejandro Uriel and Zawicki , Sean Michael},
	Month = {Jan},
	Title = {puffin},
	Url = {https://vhub.org/resources/114},
	Year = {2013},
	Bdsk-Url-1 = {https://vhub.org/resources/114}}

@misc{267,
	Author = {Bursik , Marcus I},
	Month = {Nov},
	Title = {bent: A model of plumes in crossflow},
	Url = {https://vhub.org/resources/267},
	Year = {2010},
	Bdsk-Url-1 = {https://vhub.org/resources/267}}

@misc{1194,
	Author = {Mastin , Larry G},
	Month = {Dec},
	Title = {Plumeria 2.3.1},
	Url = {https://vhub.org/resources/1194},
	Year = {2011},
	Bdsk-Url-1 = {https://vhub.org/resources/1194}}

@misc{3541,
	Author = {de' Michieli Vitturi, Mattia},
	Month = {Mar},
	Title = {PlumeMoM},
	Url = {https://vhub.org/resources/3541},
	Year = {2015},
	Bdsk-Url-1 = {https://vhub.org/resources/3541}}

@misc{draxler2015hysplit,
	Author = {Draxler, R.R. and Rolph, G.D.},
	Publisher = {MD},
	Title = {HYSPLIT (HYbrid Single-Particle Lagrangian Integrated Trajectory) Model access via NOAA ARL READY Website. NOAA Air Resources Laboratory, Silver Spring},
	Url = {http://www.arl.noaa.gov/HYSPLIT_info.php},
	Year = {2015},
	Bdsk-Url-1 = {http://www.arl.noaa.gov/HYSPLIT_info.php}}

@misc{rolph2015ready,
	Author = {Rolph, G.D.},
	Publisher = {MD},
	Title = {Real-time Environmental Applications and Display sYstem (READY) Website (http://ready.arl.noaa.gov). NOAA Air Resources Laboratory, Silver Spring,},
	Year = {2015}}

@article{stein2015noaa,
	Author = {Stein, AF and Draxler, RR and Rolph, GD and Stunder, BJB and Cohen, MD and Ngan, F},
	Journal = {Bulletin of the American Meteorological Society},
	Number = {12},
	Pages = {2059--2077},
	Title = {NOAA's HYSPLIT atmospheric transport and dispersion modeling system},
	Volume = {96},
	Year = {2015}}

@article{gingold1977smoothed,
	Author = {Gingold, Robert A and Monaghan, Joseph J},
	Journal = {Monthly notices of the royal astronomical society},
	Number = {3},
	Pages = {375--389},
	Publisher = {Oxford University Press},
	Title = {Smoothed particle hydrodynamics: theory and application to non-spherical stars},
	Volume = {181},
	Year = {1977}}

@article{lucy1977numerical,
	Author = {Lucy, Leon B},
	Journal = {The astronomical journal},
	Pages = {1013--1024},
	Title = {A numerical approach to the testing of the fission hypothesis},
	Volume = {82},
	Year = {1977}}

@article{gingold1978binary,
	Author = {Gingold, Robert A and Monaghan, Joseph J},
	Journal = {Monthly Notices of the Royal Astronomical Society},
	Number = {3},
	Pages = {481--499},
	Publisher = {The Royal Astronomical Society},
	Title = {Binary fission in damped rotating polytropes},
	Volume = {184},
	Year = {1978}}

@article{monaghan1983shock,
	Author = {Monaghan, JJ and Gingold, RA},
	Journal = {Journal of computational physics},
	Number = {2},
	Pages = {374--389},
	Publisher = {Elsevier},
	Title = {Shock simulation by the particle method SPH},
	Volume = {52},
	Year = {1983}}

@article{swegle1995smoothed,
	Author = {Swegle, JW and Hicks, DL and Attaway, SW},
	Journal = {Journal of computational physics},
	Number = {1},
	Pages = {123--134},
	Publisher = {Elsevier},
	Title = {Smoothed particle hydrodynamics stability analysis},
	Volume = {116},
	Year = {1995}}

@article{ritchie2001multiphase,
	Author = {Ritchie, Benedict W and Thomas, Peter A},
	Journal = {Monthly Notices of the Royal Astronomical Society},
	Number = {3},
	Pages = {743--756},
	Publisher = {Blackwell Science Ltd Oxford, UK},
	Title = {Multiphase smoothed-particle hydrodynamics},
	Volume = {323},
	Year = {2001}}

@article{chen2015sph,
	Author = {Chen, Z and Zong, Z and Liu, MB and Zou, L and Li, HT and Shu, C},
	Journal = {Journal of Computational Physics},
	Pages = {169--188},
	Publisher = {Elsevier},
	Title = {An SPH model for multiphase flows with complex interfaces and large density differences},
	Volume = {283},
	Year = {2015}}

@article{adami2010new,
	Author = {Adami, S and Hu, XY and Adams, NA},
	Journal = {Journal of Computational Physics},
	Number = {13},
	Pages = {5011--5021},
	Publisher = {Elsevier},
	Title = {A new surface-tension formulation for multi-phase SPH using a reproducing divergence approximation},
	Volume = {229},
	Year = {2010}}

@article{hu2007incompressible,
	Author = {Hu, XY and Adams, Nikolaus A},
	Journal = {Journal of computational physics},
	Number = {1},
	Pages = {264--278},
	Publisher = {Elsevier},
	Title = {An incompressible multi-phase SPH method},
	Volume = {227},
	Year = {2007}}

@article{colagrossi2003numerical,
	Author = {Colagrossi, Andrea and Landrini, Maurizio},
	Journal = {Journal of computational physics},
	Number = {2},
	Pages = {448--475},
	Publisher = {Elsevier},
	Title = {Numerical simulation of interfacial flows by smoothed particle hydrodynamics},
	Volume = {191},
	Year = {2003}}

@article{grenier2009hamiltonian,
	Author = {Grenier, Nicolas and Antuono, Matteo and Colagrossi, Andrea and Le Touz{\'e}, David and Alessandrini, B},
	Journal = {Journal of Computational Physics},
	Number = {22},
	Pages = {8380--8393},
	Publisher = {Elsevier},
	Title = {An Hamiltonian interface SPH formulation for multi-fluid and free surface flows},
	Volume = {228},
	Year = {2009}}

@article{monaghan2013simple,
	Author = {Monaghan, JJ and Rafiee, Ashkan},
	Journal = {International Journal for Numerical Methods in Fluids},
	Number = {5},
	Pages = {537--561},
	Publisher = {Wiley Online Library},
	Title = {A simple SPH algorithm for multi-fluid flow with high density ratios},
	Volume = {71},
	Year = {2013}}

@article{cha2010kelvin,
	Author = {Cha, Seung-Hoon and Inutsuka, Shu-Ichiro and Nayakshin, Sergei},
	Journal = {Monthly Notices of the Royal Astronomical Society},
	Number = {3},
	Pages = {1165--1174},
	Publisher = {The Royal Astronomical Society},
	Title = {Kelvin--Helmholtz instabilities with Godunov smoothed particle hydrodynamics},
	Volume = {403},
	Year = {2010}}

@article{zhuimproved,
	Author = {Zhu, GX and Zou, L and Chen, Z and Wang, AM and Liu, MB},
	Journal = {International Journal for Numerical Methods in Fluids},
	Publisher = {Wiley Online Library},
	Title = {An improved SPH model for multiphase flows with large density ratios}}

@article{behjati2017modelling,
	Author = {Behjati, H Elekaei and Kashani, M Navvab and Biggs, MJ},
	Journal = {Journal of Colloid and Interface Science},
	Publisher = {Elsevier},
	Title = {Modelling of immiscible liquid-liquid systems by Smoothed Particle Hydrodynamics},
	Year = {2017}}

@article{agertz2007fundamental,
	Author = {Agertz, Oscar and Moore, Ben and Stadel, Joachim and Potter, Doug and Miniati, Francesco and Read, Justin and Mayer, Lucio and Gawryszczak, Artur and Kravtsov, Andrey and Nordlund, {\AA}ke and others},
	Journal = {Monthly Notices of the Royal Astronomical Society},
	Number = {3},
	Pages = {963--978},
	Publisher = {Blackwell Publishing Ltd Oxford, UK},
	Title = {Fundamental differences between SPH and grid methods},
	Volume = {380},
	Year = {2007}}

@article{price2008modelling,
	Author = {Price, Daniel J},
	Journal = {Journal of Computational Physics},
	Number = {24},
	Pages = {10040--10057},
	Publisher = {Elsevier},
	Title = {Modelling discontinuities and Kelvin--Helmholtz instabilities in SPH},
	Volume = {227},
	Year = {2008}}

@article{wadsley2008treatment,
	Author = {Wadsley, JW and Veeravalli, G and Couchman, HMP},
	Journal = {Monthly Notices of the Royal Astronomical Society},
	Number = {1},
	Pages = {427--438},
	Publisher = {Blackwell Publishing Ltd Oxford, UK},
	Title = {On the treatment of entropy mixing in numerical cosmology},
	Volume = {387},
	Year = {2008}}

@inproceedings{borgani2012hydrodynamic,
	Author = {Borgani, S and Murante, G and Brunino, R and Cha, S-H},
	Booktitle = {Advances in Computational Astrophysics: Methods, Tools, and Outcome},
	Pages = {259},
	Title = {Hydrodynamic simulations with the Godunov SPH},
	Volume = {453},
	Year = {2012}}

@article{evrard1988beyond,
	Author = {Evrard, August E},
	Journal = {Monthly Notices of the Royal Astronomical Society},
	Number = {3},
	Pages = {911--934},
	Publisher = {The Royal Astronomical Society},
	Title = {Beyond N-body: 3D cosmological gas dynamics},
	Volume = {235},
	Year = {1988}}

@article{hernquist1989treesph,
	Author = {Hernquist, Lars and Katz, Neal},
	Journal = {The Astrophysical Journal Supplement Series},
	Pages = {419--446},
	Title = {TREESPH-A unification of SPH with the hierarchical tree method},
	Volume = {70},
	Year = {1989}}

@article{monaghan1989problem,
	Author = {Monaghan, JJ},
	Journal = {Journal of Computational Physics},
	Number = {1},
	Pages = {1--15},
	Publisher = {Elsevier},
	Title = {On the problem of penetration in particle methods},
	Volume = {82},
	Year = {1989}}

@article{hernquist1989treesph,
	Author = {Hernquist, Lars and Katz, Neal},
	Journal = {The Astrophysical Journal Supplement Series},
	Pages = {419--446},
	Title = {TREESPH-A unification of SPH with the hierarchical tree method},
	Volume = {70},
	Year = {1989}}

@article{monaghan1992smoothed,
	Author = {Monaghan, Joe J},
	Journal = {Annual review of astronomy and astrophysics},
	Pages = {543--574},
	Title = {Smoothed particle hydrodynamics},
	Volume = {30},
	Year = {1992}}

@article{steinmetz1993capabilities,
	Author = {Steinmetz, Matthias and M{\"u}ller, Ewald},
	Journal = {Astronomy and Astrophysics},
	Pages = {391--410},
	Title = {On the capabilities and limits of smoothed particle hydrodynamics},
	Volume = {268},
	Year = {1993}}

@article{monaghan1997sph,
	Author = {Monaghan, JJ},
	Journal = {Journal of Computational Physics},
	Number = {2},
	Pages = {298--307},
	Publisher = {Elsevier},
	Title = {SPH and Riemann solvers},
	Volume = {136},
	Year = {1997}}

@article{sigalotti2006shock,
	Author = {Sigalotti, Leonardo Di G and L{\'o}pez, Hender and Donoso, Arnaldo and Sira, Eloy and Klapp, Jaime},
	Journal = {Journal of Computational Physics},
	Number = {1},
	Pages = {124--149},
	Publisher = {Elsevier},
	Title = {A shock-capturing SPH scheme based on adaptive kernel estimation},
	Volume = {212},
	Year = {2006}}

@article{cleary1999conduction,
	Author = {Cleary, Paul W and Monaghan, Joseph J},
	Journal = {Journal of Computational Physics},
	Number = {1},
	Pages = {227--264},
	Publisher = {Elsevier},
	Title = {Conduction modelling using smoothed particle hydrodynamics},
	Volume = {148},
	Year = {1999}}

@article{monaghan2005smoothed,
	Author = {Monaghan, JJ},
	Journal = {Reports on progress in physics},
	Number = {8},
	Pages = {1703},
	Publisher = {IOP Publishing},
	Title = {Smoothed particle hydrodynamics},
	Volume = {68},
	Year = {2005}}

@article{sigalotti2006shock,
	Author = {Sigalotti, Leonardo Di G and L{\'o}pez, Hender and Donoso, Arnaldo and Sira, Eloy and Klapp, Jaime},
	Journal = {Journal of Computational Physics},
	Number = {1},
	Pages = {124--149},
	Publisher = {Elsevier},
	Title = {A shock-capturing SPH scheme based on adaptive kernel estimation},
	Volume = {212},
	Year = {2006}}

@article{rosswog2009astrophysical,
	Author = {Rosswog, Stephan},
	Journal = {New Astronomy Reviews},
	Number = {4},
	Pages = {78--104},
	Publisher = {Elsevier},
	Title = {Astrophysical smooth particle hydrodynamics},
	Volume = {53},
	Year = {2009}}

@article{ellero2012smoothed,
	Author = {Ellero, M},
	Journal = {Fluid-Structure Interactions in Soft-Matter Systems: From the Mesoscale to the Macroscale},
	Pages = {22},
	Title = {Smoothed Particle Hydrodynamics},
	Year = {2012}}

@article{monaghan2012smoothed,
	Author = {Monaghan, JJ},
	Journal = {Annual Review of Fluid Mechanics},
	Pages = {323--346},
	Publisher = {Annual Reviews},
	Title = {Smoothed particle hydrodynamics and its diverse applications},
	Volume = {44},
	Year = {2012}}

@article{saitoh2013density,
	Author = {Saitoh, Takayuki R and Makino, Junichiro},
	Journal = {The Astrophysical Journal},
	Number = {1},
	Pages = {44},
	Publisher = {IOP Publishing},
	Title = {A density-independent formulation of smoothed particle hydrodynamics},
	Volume = {768},
	Year = {2013}}

@techreport{takayuki2012density,
	Author = {Takayuki, Saitoh R and Makino, Junichiro},
	Title = {A Density Independent Formulation of Smoothed Particle Hydrodynamics},
	Year = {2012}}

@article{price2012smoothed,
	Author = {Price, Daniel J},
	Journal = {Journal of Computational Physics},
	Number = {3},
	Pages = {759--794},
	Publisher = {Elsevier},
	Title = {Smoothed particle hydrodynamics and magnetohydrodynamics},
	Volume = {231},
	Year = {2012}}

@article{monaghan1985extrapolating,
	Author = {Monaghan, JJ},
	Journal = {Journal of Computational Physics},
	Number = {2},
	Pages = {253--262},
	Publisher = {Elsevier},
	Title = {Extrapolating B splines for interpolation},
	Volume = {60},
	Year = {1985}}

@article{monaghan1995sph,
	Author = {Monaghan, JJ and Kocharyan, A},
	Journal = {Computer Physics Communications},
	Number = {1},
	Pages = {225--235},
	Publisher = {Elsevier},
	Title = {SPH simulation of multi-phase flow},
	Volume = {87},
	Year = {1995}}

@article{morris1997modeling,
	Author = {Morris, Joseph P and Fox, Patrick J and Zhu, Yi},
	Journal = {Journal of computational physics},
	Number = {1},
	Pages = {214--226},
	Publisher = {Elsevier},
	Title = {Modeling low Reynolds number incompressible flows using SPH},
	Volume = {136},
	Year = {1997}}

@article{chen1999improvement,
	Author = {Chen, JK and Beraun, JE and Jih, CJ},
	Journal = {Computational Mechanics},
	Number = {4},
	Pages = {279--287},
	Publisher = {Springer},
	Title = {An improvement for tensile instability in smoothed particle hydrodynamics},
	Volume = {23},
	Year = {1999}}

@article{adami2012generalized,
	Author = {Adami, S and Hu, XY and Adams, NA},
	Journal = {Journal of Computational Physics},
	Number = {21},
	Pages = {7057--7075},
	Publisher = {Elsevier},
	Title = {A generalized wall boundary condition for smoothed particle hydrodynamics},
	Volume = {231},
	Year = {2012}}

@article{kumar2013parallel,
	Author = {Kumar, Dinesh and Patra, Abani K and Pitman, E Bruce and Chi, H},
	Journal = {Computer Physics Communications},
	Number = {10},
	Pages = {2277--2286},
	Publisher = {Elsevier},
	Title = {Parallel Godunov smoothed particle hydrodynamics (SPH) with improved treatment of Boundary Conditions and an application to granular flows},
	Volume = {184},
	Year = {2013}}

@article{monaghan2009sph,
	Author = {Monaghan, Joe J and Kajtar, Jules B},
	Journal = {Computer Physics Communications},
	Number = {10},
	Pages = {1811--1820},
	Publisher = {Elsevier},
	Title = {SPH particle boundary forces for arbitrary boundaries},
	Volume = {180},
	Year = {2009}}

@article{yildiz2009sph,
	Author = {Yildiz, M and Rook, RA and Suleman, A},
	Journal = {International journal for numerical methods in engineering},
	Number = {10},
	Pages = {1416--1438},
	Publisher = {Wiley Online Library},
	Title = {SPH with the multiple boundary tangent method},
	Volume = {77},
	Year = {2009}}

@inproceedings{ihmsen2011parallel,
	Author = {Ihmsen, Markus and Akinci, Nadir and Becker, Markus and Teschner, Matthias},
	Booktitle = {Computer Graphics Forum},
	Number = {1},
	Organization = {Wiley Online Library},
	Pages = {99--112},
	Title = {A Parallel SPH Implementation on Multi-Core CPUs},
	Volume = {30},
	Year = {2011}}

@article{cherfils2012josephine,
	Author = {Cherfils, JM and Pinon, G and Rivoalen, Elie},
	Journal = {Computer Physics Communications},
	Number = {7},
	Pages = {1468--1480},
	Publisher = {Elsevier},
	Title = {JOSEPHINE: A parallel SPH code for free-surface flows},
	Volume = {183},
	Year = {2012}}

@article{herault2010sphgpu,
	Author = {H{\'e}rault, Alexis and Bilotta, Giuseppe and Dalrymple, Robert A},
	Journal = {Journal of Hydraulic Research},
	Number = {S1},
	Pages = {74--79},
	Publisher = {Taylor \& Francis},
	Title = {SPH on GPU with CUDA},
	Volume = {48},
	Year = {2010}}

@article{crespo2011gpus,
	Author = {Crespo, AJC and Dominguez, Jose M and Barreiro, Anxo and G{\'o}mez-Gesteira, Moncho and Rogers, Benedict D},
	Journal = {PLoS One},
	Number = {6},
	Pages = {e20685},
	Publisher = {Public Library of Science},
	Title = {GPUs, a new tool of acceleration in CFD: efficiency and reliability on smoothed particle hydrodynamics methods},
	Volume = {6},
	Year = {2011}}

@article{dominguez2013optimization,
	Author = {Dom{\'\i}nguez, Jose M and Crespo, Alejandro JC and G{\'o}mez-Gesteira, Moncho},
	Journal = {Computer Physics Communications},
	Number = {3},
	Pages = {617--627},
	Publisher = {Elsevier},
	Title = {Optimization strategies for CPU and GPU implementations of a smoothed particle hydrodynamics method},
	Volume = {184},
	Year = {2013}}

@article{loren2014two,
	Author = {Lor{\'e}n-Aguilar, Pablo and Bate, Matthew R},
	Journal = {Monthly Notices of the Royal Astronomical Society},
	Number = {1},
	Pages = {927--945},
	Publisher = {Oxford University Press},
	Title = {Two-fluid dust and gas mixtures in smoothed particle hydrodynamics: a semi-implicit approach},
	Volume = {443},
	Year = {2014}}

@article{rook2007modeling,
	Author = {Rook, Rusty and Yildiz, Mehmet and Dost, Sadik},
	Journal = {Numerical Heat Transfer, Part B: Fundamentals},
	Number = {1},
	Pages = {1--23},
	Publisher = {Taylor \& Francis},
	Title = {Modeling transient heat transfer using SPH and implicit time integration},
	Volume = {51},
	Year = {2007}}

@article{vacondio2012accurate,
	Author = {Vacondio, R and Rogers, BD and Stansby, PK},
	Journal = {International Journal for Numerical Methods in Fluids},
	Number = {8},
	Pages = {1377--1410},
	Publisher = {Wiley Online Library},
	Title = {Accurate particle splitting for smoothed particle hydrodynamics in shallow water with shock capturing},
	Volume = {69},
	Year = {2012}}

@article{feldman2007dynamic,
	Author = {Feldman, J and Bonet, J},
	Journal = {International Journal for Numerical Methods in Engineering},
	Number = {3},
	Pages = {295--324},
	Publisher = {Wiley Online Library},
	Title = {Dynamic refinement and boundary contact forces in SPH with applications in fluid flow problems},
	Volume = {72},
	Year = {2007}}

@article{lastiwka2009permeable,
	Author = {Lastiwka, Martin and Basa, Mihai and Quinlan, Nathan J},
	Publisher = {Wiley},
	Title = {Permeable and non-reflecting boundary conditions in SPH},
	Year = {2009}}

@article{colagrossi2005meshless,
	Author = {Colagrossi, Andrea},
	Publisher = {La Sapienza},
	Title = {A meshless Lagrangian method for free-surface and interface flows with fragmentation},
	Year = {2005}}

@article{molteni2009simple,
	Author = {Molteni, Diego and Colagrossi, Andrea},
	Journal = {Computer Physics Communications},
	Number = {6},
	Pages = {861--872},
	Publisher = {Elsevier},
	Title = {A simple procedure to improve the pressure evaluation in hydrodynamic context using the SPH},
	Volume = {180},
	Year = {2009}}

@article{kondo2011improvement,
	Author = {Kondo, Masahiro and Koshizuka, Seiichi},
	Journal = {International Journal for Numerical Methods in Fluids},
	Number = {6},
	Pages = {638--654},
	Publisher = {Wiley Online Library},
	Title = {Improvement of stability in moving particle semi-implicit method},
	Volume = {65},
	Year = {2011}}

@article{macia2011theoretical,
	Author = {Maci{\'a}, Fabricio and Antuono, Matteo and Gonz{\'a}lez, Leo M and Colagrossi, Andrea},
	Journal = {Progress of theoretical physics},
	Number = {6},
	Pages = {1091--1121},
	Publisher = {Oxford University Press},
	Title = {Theoretical analysis of the no-slip boundary condition enforcement in SPH methods},
	Volume = {125},
	Year = {2011}}

@article{gotoh2004sph,
	Author = {Gotoh, Hitoshi and Shao, Songdong and Memita, Tetsu},
	Journal = {Coastal Engineering Journal},
	Number = {01},
	Pages = {39--63},
	Publisher = {World Scientific},
	Title = {SPH-LES model for numerical investigation of wave interaction with partially immersed breakwater},
	Volume = {46},
	Year = {2004}}

@article{shao2006sph,
	Author = {Shao, Songdong and Ji, Changming},
	Journal = {International Journal for numerical methods in fluids},
	Number = {8},
	Pages = {913--936},
	Publisher = {Wiley Online Library},
	Title = {SPH computation of plunging waves using a 2-D sub-particle scale (SPS) turbulence model},
	Volume = {51},
	Year = {2006}}

@inproceedings{becker2007weakly,
	Author = {Becker, Markus and Teschner, Matthias},
	Booktitle = {Proceedings of the 2007 ACM SIGGRAPH/Eurographics symposium on Computer animation},
	Organization = {Eurographics Association},
	Pages = {209--217},
	Title = {Weakly compressible SPH for free surface flows},
	Year = {2007}}

@article{hu2009constant,
	Author = {Hu, XY and Adams, NA},
	Journal = {Journal of Computational Physics},
	Number = {6},
	Pages = {2082--2091},
	Publisher = {Elsevier},
	Title = {A constant-density approach for incompressible multi-phase SPH},
	Volume = {228},
	Year = {2009}}

@article{tong2014incompressible,
	Author = {Tong, Mingming and Browne, David J},
	Journal = {International Journal of Heat and Mass Transfer},
	Pages = {284--292},
	Publisher = {Elsevier},
	Title = {An incompressible multi-phase smoothed particle hydrodynamics (SPH) method for modelling thermocapillary flow},
	Volume = {73},
	Year = {2014}}

@article{bursik2003smoothed,
	Author = {Bursik, M and Mart{\i}nez-Hackert, B and Delgado, H and Gonzalez-Huesca, A},
	Journal = {Geomorphology},
	Number = {1},
	Pages = {25--44},
	Publisher = {Elsevier},
	Title = {A smoothed-particle hydrodynamic automaton of landform degradation by overland flow},
	Volume = {53},
	Year = {2003}}

@article{herault2010sph,
	Author = {H{\'e}rault, Alexis and Bilotta, Giuseppe and Del Negro, Ciro and Russo, Giovanni and Vicari, Annamaria},
	Journal = {From physics to control through an emergent view, World Scientific Series on Nonlinear Science, Series B},
	Pages = {183--188},
	Title = {SPH modeling of lava flows with GPU implementation},
	Volume = {15},
	Year = {2010}}

@article{haddad2016smoothed,
	Author = {Haddad, Bouchra and Palacios, David and Pastor, Manuel and Zamorano, Jos{\'e} Juan},
	Journal = {Journal of Volcanology and Geothermal Research},
	Pages = {73--87},
	Publisher = {Elsevier},
	Title = {Smoothed particle hydrodynamic modeling of volcanic debris flows: Application to Huiloac Gorge lahars (Popocat{\'e}petl volcano, Mexico)},
	Volume = {324},
	Year = {2016}}

@article{inutsuka2002reformulation,
	Author = {Inutsuka, Shu-ichiro},
	Journal = {Journal of Computational Physics},
	Number = {1},
	Pages = {238--267},
	Publisher = {Elsevier},
	Title = {Reformulation of smoothed particle hydrodynamics with Riemann solver},
	Volume = {179},
	Year = {2002}}

@article{iwasaki2011smoothed,
	Author = {Iwasaki, Kazunari and Inutsuka, Shu-ichiro},
	Journal = {Monthly Notices of the Royal Astronomical Society},
	Number = {3},
	Pages = {1668--1688},
	Publisher = {Oxford University Press},
	Title = {Smoothed particle magnetohydrodynamics with a Riemann solver and the method of characteristics},
	Volume = {418},
	Year = {2011}}

@inproceedings{borgani2012hydrodynamic,
	Author = {Borgani, S and Murante, G and Brunino, R and Cha, S-H},
	Booktitle = {Advances in Computational Astrophysics: Methods, Tools, and Outcome},
	Pages = {259},
	Title = {Hydrodynamic Simulations with the Godunov SPH},
	Volume = {453},
	Year = {2012}}

@article{roe1981approximate,
	Author = {Roe, Philip L},
	Journal = {Journal of computational physics},
	Number = {2},
	Pages = {357--372},
	Publisher = {Elsevier},
	Title = {Approximate Riemann solvers, parameter vectors, and difference schemes},
	Volume = {43},
	Year = {1981}}

@article{davis1988simplified,
	Author = {Davis, SF},
	Journal = {SIAM Journal on Scientific and Statistical Computing},
	Number = {3},
	Pages = {445--473},
	Publisher = {SIAM},
	Title = {Simplified second-order Godunov-type methods},
	Volume = {9},
	Year = {1988}}

@article{einfeldt1991godunov,
	Author = {Einfeldt, Bernd and Munz, Claus-Dieter and Roe, Philip L and Sj{\"o}green, Bj{\"o}rn},
	Journal = {Journal of computational physics},
	Number = {2},
	Pages = {273--295},
	Publisher = {Elsevier},
	Title = {On Godunov-type methods near low densities},
	Volume = {92},
	Year = {1991}}

@article{toro1994restoration,
	Author = {Toro, Eleuterio F and Spruce, Michael and Speares, William},
	Journal = {Shock waves},
	Number = {1},
	Pages = {25--34},
	Publisher = {Springer},
	Title = {Restoration of the contact surface in the HLL-Riemann solver},
	Volume = {4},
	Year = {1994}}

@article{rider1994review,
	Author = {Rider, William J},
	Journal = {Computers \& fluids},
	Number = {2},
	Pages = {397--413},
	Publisher = {Elsevier},
	Title = {A review of approximate Riemann solvers with Godunov's method in Lagrangian coordinates},
	Volume = {23},
	Year = {1994}}

@article{batten1997average,
	Author = {Batten, P and Leschziner, MA and Goldberg, UC},
	Journal = {Journal of computational physics},
	Number = {1},
	Pages = {38--78},
	Publisher = {Elsevier},
	Title = {Average-state Jacobians and implicit methods for compressible viscous and turbulent flows},
	Volume = {137},
	Year = {1997}}

@article{luo2004computation,
	Author = {Luo, Hong and Baum, Joseph D and L{\"o}hner, Rainald},
	Journal = {Journal of Computational Physics},
	Number = {1},
	Pages = {304--328},
	Publisher = {Elsevier},
	Title = {On the computation of multi-material flows using ALE formulation},
	Volume = {194},
	Year = {2004}}

@book{toro2013riemann,
	Author = {Toro, Eleuterio F},
	Publisher = {Springer Science \& Business Media},
	Title = {Riemann solvers and numerical methods for fluid dynamics: a practical introduction},
	Year = {2013}}

@article{puri2014approximate,
	Author = {Puri, Kunal and Ramachandran, Prabhu},
	Journal = {Journal of Computational Physics},
	Pages = {432--458},
	Publisher = {Elsevier},
	Title = {Approximate Riemann solvers for the Godunov SPH (GSPH)},
	Volume = {270},
	Year = {2014}}

@article{glimm1965solutions,
	Author = {Glimm, James},
	Journal = {Communications on pure and applied mathematics},
	Number = {4},
	Pages = {697--715},
	Publisher = {Wiley Online Library},
	Title = {Solutions in the large for nonlinear hyperbolic systems of equations},
	Volume = {18},
	Year = {1965}}

@book{hammersley2013monte,
	Author = {Hammersley, John},
	Publisher = {Springer Science \& Business Media},
	Title = {Monte carlo methods},
	Year = {2013}}

@article{diltsg1999moving,
	Author = {Dilts, Gary A},
	Journal = {International Journal for Numerical Methods in Engineering},
	Number = {8},
	Pages = {1115--1155},
	Publisher = {Wiley Online Library},
	Title = {Moving-least-squares-particle hydrodynamics---I Consistency and stability},
	Volume = {44},
	Year = {1999}}

@article{monaghan1985refined,
	Author = {Monaghan, Joseph J and Lattanzio, John C},
	Journal = {Astronomy and astrophysics},
	Pages = {135--143},
	Title = {A refined particle method for astrophysical problems},
	Volume = {149},
	Year = {1985}}

@article{shao2006sph,
	Author = {Shao, Songdong and Ji, Changming},
	Journal = {International Journal for numerical methods in fluids},
	Number = {8},
	Pages = {913--936},
	Publisher = {Wiley Online Library},
	Title = {SPH computation of plunging waves using a 2-D sub-particle scale (SPS) turbulence model},
	Volume = {51},
	Year = {2006}}

@article{violeau2007numerical,
	Author = {Violeau, Damien and Issa, Reza},
	Journal = {International Journal for Numerical Methods in Fluids},
	Pages = {277--304},
	Title = {Numerical modelling of complex turbulent free-surface flows with the SPH method: an overview},
	Volume = {53},
	Year = {2007}}

@article{holm1999fluctuation,
	Author = {Holm, Darryl D},
	Journal = {Physica D: Nonlinear Phenomena},
	Number = {1},
	Pages = {215--269},
	Publisher = {Elsevier},
	Title = {Fluctuation effects on 3D Lagrangian mean and Eulerian mean fluid motion},
	Volume = {133},
	Year = {1999}}

@article{monaghan2011turbulence,
	Author = {Monaghan, Joe J},
	Journal = {European Journal of Mechanics-B/Fluids},
	Number = {4},
	Pages = {360--370},
	Publisher = {Elsevier},
	Title = {A turbulence model for Smoothed Particle Hydrodynamics},
	Volume = {30},
	Year = {2011}}

@article{issa2005numerical,
	Author = {Issa, Reza},
	Title = {Numerical assessment of the Smoothed Particle Hydrodynamics gridless method for incompressible flows and its extension to turbulent flows},
	Year = {2005}}

@article{monaghan2002sph,
	Author = {Monaghan, JJ},
	Journal = {Monthly Notices of the Royal Astronomical Society},
	Number = {3},
	Pages = {843--852},
	Publisher = {Oxford University Press},
	Title = {SPH compressible turbulence},
	Volume = {335},
	Year = {2002}}

@book{gatski2013compressibility,
	Author = {Gatski, Thomas B and Bonnet, Jean-Paul},
	Publisher = {Academic Press},
	Title = {Compressibility, turbulence and high speed flow},
	Year = {2013}}

@misc{NASACompressibleTurbulence,
	Author = {Christopher Rumsey},
	Month = {Agu},
	Title = {Implementing Turbulence Models into the Compressible RANS Equations},
	Url = {http://turbmodels.larc.nasa.gov/implementrans.html},
	Year = {2014},
	Bdsk-Url-1 = {http://turbmodels.larc.nasa.gov/implementrans.html}}

@book{cebeci2013analysis,
	Author = {Cebeci, Tuncer},
	Publisher = {Butterworth-Heinemann},
	Title = {Analysis of turbulent flows with computer programs},
	Year = {2013}}

@article{kays1994turbulent,
	Author = {Kays, William M},
	Journal = {Journal of Heat Transfer},
	Number = {2},
	Pages = {284--295},
	Publisher = {American Society of Mechanical Engineers},
	Title = {Turbulent Prandtl number---where are we?},
	Volume = {116},
	Year = {1994}}

@article{goozee2003distributed,
	Author = {Gooz{\'e}e, Richard J and Jacobs, Peter A},
	Journal = {ANZIAM Journal},
	Pages = {202--228},
	Title = {Distributed and shared memory parallelism with a smoothed particle hydrodynamics code},
	Volume = {44},
	Year = {2003}}

@article{holmes2011framework,
	Author = {Holmes, David W and Williams, John R and Tilke, Peter},
	Journal = {Advances in Engineering Software},
	Number = {11},
	Pages = {999--1008},
	Publisher = {Elsevier},
	Title = {A framework for parallel computational physics algorithms on multi-core: SPH in parallel},
	Volume = {42},
	Year = {2011}}

@inproceedings{wenbo2014performance,
	Author = {Wenbo, Chen and Yao, Yucheng and Zhang, Yang},
	Booktitle = {Cloud Computing and Internet of Things (CCIOT), 2014 International Conference on},
	Organization = {IEEE},
	Pages = {85--90},
	Title = {Performance analysis of parallel smoothed particle hydrodynamics on multi-core CPUs},
	Year = {2014}}

@inproceedings{adams2007adaptively,
	Author = {Adams, Bart and Pauly, Mark and Keiser, Richard and Guibas, Leonidas J},
	Booktitle = {ACM Transactions on Graphics (TOG)},
	Number = {3},
	Organization = {ACM},
	Pages = {48},
	Title = {Adaptively sampled particle fluids},
	Volume = {26},
	Year = {2007}}

@article{dominguez2011optimization,
	Author = {Dom{\'\i}nguez, Jose M and Crespo, Alejandro JC and G{\'o}mez-Gesteira, Moncho},
	Journal = {arXiv preprint arXiv:1110.3711},
	Title = {Optimization strategies for parallel CPU and GPU implementations of a meshfree particle method},
	Year = {2011}}

@article{marrone2012study,
	Author = {Marrone, S and Bouscasse, B and Colagrossi, A and Antuono, M},
	Journal = {Computers \& Fluids},
	Pages = {54--66},
	Publisher = {Elsevier},
	Title = {Study of ship wave breaking patterns using 3D parallel SPH simulations},
	Volume = {69},
	Year = {2012}}

@article{ferrari2009new,
	Author = {Ferrari, Angela and Dumbser, Michael and Toro, Eleuterio F and Armanini, Aronne},
	Journal = {Computers \& Fluids},
	Number = {6},
	Pages = {1203--1217},
	Publisher = {Elsevier},
	Title = {A new 3D parallel SPH scheme for free surface flows},
	Volume = {38},
	Year = {2009}}

@article{crespo2015dualsphysics,
	Author = {Crespo, AJC and Dom{\'\i}nguez, JM and Rogers, BD and G{\'o}mez-Gesteira, M and Longshaw, S and Canelas, R and Vacondio, R and Barreiro, A and Garc{\'\i}a-Feal, O},
	Journal = {Computer Physics Communications},
	Pages = {204--216},
	Publisher = {Elsevier},
	Title = {DualSPHysics: Open-source parallel CFD solver based on Smoothed Particle Hydrodynamics (SPH)},
	Volume = {187},
	Year = {2015}}

@article{laszloffy2000simple,
	Author = {Laszloffy, Andras and Long, Jingping and Patra, Abani K},
	Journal = {Parallel Computing},
	Number = {13},
	Pages = {1765--1788},
	Publisher = {Elsevier},
	Title = {Simple data management, scheduling and solution strategies for managing the irregularities in parallel adaptive hp finite element simulations},
	Volume = {26},
	Year = {2000}}

@article{patra2003data,
	Author = {Patra, AK and Laszloffy, A and Long, J},
	Journal = {Computers \& Mathematics with Applications},
	Number = {1},
	Pages = {105--123},
	Publisher = {Elsevier},
	Title = {Data structures and load balancing for parallel adaptive hp finite-element methods},
	Volume = {46},
	Year = {2003}}

@article{patra2005parallel,
	Author = {Patra, Abani K and Bauer, AC and Nichita, CC and Pitman, E Bruce and Sheridan, MF and Bursik, M and Rupp, B and Webber, A and Stinton, AJ and Namikawa, LM and others},
	Journal = {Journal of Volcanology and Geothermal Research},
	Number = {1},
	Pages = {1--21},
	Publisher = {Elsevier},
	Title = {Parallel adaptive numerical simulation of dry avalanches over natural terrain},
	Volume = {139},
	Year = {2005}}

@article{pitman2003computing,
	Author = {Pitman, E Bruce and Nichita, C Camil and Patra, Abani and Bauer, Andy and Sheridan, Michael and Bursik, Marcus},
	Journal = {Physics of Fluids (1994-present)},
	Number = {12},
	Pages = {3638--3646},
	Publisher = {AIP Publishing},
	Title = {Computing granular avalanches and landslides},
	Volume = {15},
	Year = {2003}}

@article{patra1995problem,
	Author = {Patra, Abani and Oden, J Tinsley},
	Journal = {Computing Systems in Engineering},
	Number = {2},
	Pages = {97--109},
	Publisher = {Elsevier},
	Title = {Problem decomposition for adaptive hp finite element methods},
	Volume = {6},
	Year = {1995}}

@inproceedings{patra1999efficient,
	Author = {Patra, AK and Kim, DW},
	Booktitle = {In International Conference on Domain Decomposition Methods},
	Organization = {Citeseer},
	Title = {Efficient mesh partitioning for adaptive hp finite element meshes},
	Year = {1999}}

@article{gmd-2017-119,
	Author = {Cao, Z. and Patra, A. and Bursik, M. and Pitman, E. B. and Jones, M.},
	Doi = {10.5194/gmd-2017-119},
	Journal = {Geoscientific Model Development Discussions},
	Pages = {1--37},
	Title = {Plume-SPH 1.0: A three-dimensional, dusty-gas volcanic plume model based on smoothed particle hydrodynamics},
	Url = {https://www.geosci-model-dev-discuss.net/gmd-2017-119/},
	Volume = {2017},
	Year = {2017},
	Bdsk-Url-1 = {https://www.geosci-model-dev-discuss.net/gmd-2017-119/},
	Bdsk-Url-2 = {http://dx.doi.org/10.5194/gmd-2017-119}}

@article{cao2017data,
	Author = {Cao, Zhixuan and Patra, Abani and Jones, Matthew},
	Journal = {Procedia Computer Science},
	Pages = {786--795},
	Publisher = {Elsevier},
	Title = {Data Management and Volcano Plume Simulation with Parallel SPH Method and Dynamic Halo Domains},
	Volume = {108},
	Year = {2017}}

@book{sagan2012space,
	Author = {Sagan, Hans},
	Publisher = {Springer Science \& Business Media},
	Title = {Space-filling curves},
	Year = {2012}}

@incollection{biswas1999experiments,
	Author = {Biswas, Rupak and Oliker, Leonid},
	Booktitle = {Grid Generation and Adaptive Algorithms},
	Pages = {89--111},
	Publisher = {Springer},
	Title = {Experiments with repartitioning and load balancing adaptive meshes},
	Year = {1999}}

@article{papanicolaou1988investigations,
	Author = {Papanicolaou, Panos N and List, E John},
	Journal = {Journal of Fluid Mechanics},
	Pages = {341--391},
	Publisher = {Cambridge Univ Press},
	Title = {Investigations of round vertical turbulent buoyant jets},
	Volume = {195},
	Year = {1988}}

@article{dimotakis1983structure,
	Author = {Dimotakis, Paul E and Miake-Lye, Richard C and Papantoniou, Dimitris A},
	Journal = {Physics of Fluids},
	Number = {11},
	Pages = {3185--3192},
	Publisher = {American Institute of Physics},
	Title = {Structure and dynamics of round turbulent jets},
	Volume = {26},
	Year = {1983}}

@article{list1982turbulent,
	Author = {List, EJ},
	Journal = {Annual review of fluid mechanics},
	Number = {1},
	Pages = {189--212},
	Publisher = {Annual Reviews 4139 El Camino Way, PO Box 10139, Palo Alto, CA 94303-0139, USA},
	Title = {Turbulent jets and plumes},
	Volume = {14},
	Year = {1982}}

@article{george1977turbulence,
	Author = {George, William K and Alpert, Ronald L and Tamanini, Francesco},
	Journal = {International Journal of Heat and Mass Transfer},
	Number = {11},
	Pages = {1145--1154},
	Publisher = {Elsevier},
	Title = {Turbulence measurements in an axisymmetric buoyant plume},
	Volume = {20},
	Year = {1977}}

@article{papantoniou1989large,
	Author = {Papantoniou, Dimitris and List, E John},
	Journal = {Journal of Fluid Mechanics},
	Pages = {151--190},
	Publisher = {Cambridge University Press},
	Title = {Large-scale structure in the far field of byoyant jets},
	Volume = {209},
	Year = {1989}}

@article{crimaldi2001high,
	Author = {Crimaldi, JP and Koseff, JR},
	Journal = {Experiments in Fluids},
	Number = {1},
	Pages = {90--102},
	Publisher = {Springer},
	Title = {High-resolution measurements of the spatial and temporal scalar structure of a turbulent plume},
	Volume = {31},
	Year = {2001}}

@article{ezzamel2015dynamical,
	Author = {Ezzamel, Adam and Salizzoni, Pietro and Hunt, Gary R},
	Journal = {Journal of Fluid Mechanics},
	Pages = {576--611},
	Publisher = {Cambridge University Press},
	Title = {Dynamical variability of axisymmetric buoyant plumes},
	Volume = {765},
	Year = {2015}}

@article{harlow1965numerical,
	Author = {Harlow, Francis H and Welch, J Eddie and others},
	Journal = {Physics of fluids},
	Number = {12},
	Pages = {2182},
	Title = {Numerical calculation of time-dependent viscous incompressible flow of fluid with free surface},
	Volume = {8},
	Year = {1965}}

@article{cheng1995simplified,
	Author = {Cheng, Liang and Armfield, Steven},
	Journal = {International journal for numerical methods in fluids},
	Number = {1},
	Pages = {15--34},
	Publisher = {Wiley Online Library},
	Title = {A simplified marker and cell method for unsteady flows on non-staggered grids},
	Volume = {21},
	Year = {1995}}

@book{wrobel1991computational,
	Author = {Wrobel, Luiz C and Brebbia, CA},
	Publisher = {Walter de Gruyter},
	Title = {Computational Modelling of Free and Moving Boundary Problems: Fluid flow},
	Volume = {1},
	Year = {1991}}

@article{unverdi1992front,
	Author = {Unverdi, Salih Ozen and Tryggvason, Gr{\'e}tar},
	Journal = {Journal of computational physics},
	Number = {1},
	Pages = {25--37},
	Publisher = {Elsevier},
	Title = {A front-tracking method for viscous, incompressible, multi-fluid flows},
	Volume = {100},
	Year = {1992}}

@article{anderson1998diffuse,
	Author = {Anderson, DM and McFadden, Geoffrey B and Wheeler, AA},
	Journal = {Annual review of fluid mechanics},
	Number = {1},
	Pages = {139--165},
	Publisher = {Annual Reviews 4139 El Camino Way, PO Box 10139, Palo Alto, CA 94303-0139, USA},
	Title = {Diffuse-interface methods in fluid mechanics},
	Volume = {30},
	Year = {1998}}

@article{hirt1981volume,
	Author = {Hirt, Cyril W and Nichols, Billy D},
	Journal = {Journal of computational physics},
	Number = {1},
	Pages = {201--225},
	Publisher = {Elsevier},
	Title = {Volume of fluid (VOF) method for the dynamics of free boundaries},
	Volume = {39},
	Year = {1981}}

@article{gerlach2006comparison,
	Author = {Gerlach, D and Tomar, G and Biswas, G and Durst, F},
	Journal = {International Journal of Heat and Mass Transfer},
	Number = {3},
	Pages = {740--754},
	Publisher = {Elsevier},
	Title = {Comparison of volume-of-fluid methods for surface tension-dominant two-phase flows},
	Volume = {49},
	Year = {2006}}

@article{gopala2008volume,
	Author = {Gopala, Vinay R and van Wachem, Berend GM},
	Journal = {Chemical Engineering Journal},
	Number = {1},
	Pages = {204--221},
	Publisher = {Elsevier},
	Title = {Volume of fluid methods for immiscible-fluid and free-surface flows},
	Volume = {141},
	Year = {2008}}

@article{jacobson2008mixing,
	Author = {Jacobson, Tivon and Milewski, Paul A and Tabak, Esteban G},
	Journal = {Studies in Applied Mathematics},
	Number = {1},
	Pages = {89--116},
	Publisher = {Wiley Online Library},
	Title = {Mixing closures for conservation laws in stratified flows},
	Volume = {121},
	Year = {2008}}

@article{youngs1982time,
	Author = {Youngs, David L},
	Journal = {Numerical methods for fluid dynamics},
	Number = {2},
	Pages = {273--285},
	Publisher = {Academic Press, New York},
	Title = {Time-dependent multi-material flow with large fluid distortion},
	Volume = {24},
	Year = {1982}}

@article{weller1998tensorial,
	Author = {Weller, Henry G and Tabor, G and Jasak, Hrvoje and Fureby, C},
	Journal = {Computers in physics},
	Number = {6},
	Pages = {620--631},
	Publisher = {AIP Publishing},
	Title = {A tensorial approach to computational continuum mechanics using object-oriented techniques},
	Volume = {12},
	Year = {1998}}

@misc{PlumePhoto:online,
	Author = {UCL Volcano $CO_2$s Group},
	Month = {Jun},
	Note = {Accessed: 2016-04-30},
	Title = {Sakurajima News Reports @online},
	Url = {https://www.ucl.ac.uk/vco2/NewsReports/Sakurajima_News_Reports},
	Year = {2009},
	Bdsk-Url-1 = {https://www.ucl.ac.uk/vco2/NewsReports/Sakurajima_News_Reports}}

@article{sod1978survey,
	Author = {Sod, Gary A},
	Journal = {Journal of computational physics},
	Number = {1},
	Pages = {1--31},
	Publisher = {Elsevier},
	Title = {A survey of several finite difference methods for systems of nonlinear hyperbolic conservation laws},
	Volume = {27},
	Year = {1978}}

@incollection{klapp2012strong,
	Author = {Klapp, Jaime and Sigalotti, Leonardo Di G and Pe{\~n}a-Polo, Franklin and Trujillo, Leonardo},
	Booktitle = {Experimental and Theoretical Advances in Fluid Dynamics},
	Pages = {69--79},
	Publisher = {Springer},
	Title = {Strong Shocks with Smoothed Particle Hydrodynamics},
	Year = {2012}}

@article{flebbe1994smoothed,
	Author = {Flebbe, Olaf and Muenzel, S and Herold, H and Riffert, H and Ruder, H},
	Journal = {The Astrophysical Journal},
	Pages = {754--760},
	Title = {Smoothed particle hydrodynamics: physical viscosity and the simulation of accretion disks},
	Volume = {431},
	Year = {1994}}

@article{morris1997switch,
	Author = {Morris, JP and Monaghan, JJ},
	Journal = {Journal of Computational Physics},
	Number = {1},
	Pages = {41--50},
	Publisher = {Elsevier},
	Title = {A switch to reduce SPH viscosity},
	Volume = {136},
	Year = {1997}}

@article{dolag2005turbulent,
	Author = {Dolag, K and Vazza, F and Brunetti, Gf and Tormen, G},
	Journal = {Monthly Notices of the Royal Astronomical Society},
	Number = {3},
	Pages = {753--772},
	Publisher = {Blackwell Science Ltd Oxford, UK},
	Title = {Turbulent gas motions in galaxy cluster simulations: the role of smoothed particle hydrodynamics viscosity},
	Volume = {364},
	Year = {2005}}

@article{cullen2010inviscid,
	Author = {Cullen, Lee and Dehnen, Walter},
	Journal = {Monthly Notices of the Royal Astronomical Society},
	Number = {2},
	Pages = {669--683},
	Publisher = {The Royal Astronomical Society},
	Title = {Inviscid smoothed particle hydrodynamics},
	Volume = {408},
	Year = {2010}}

@article{cha2003implementations,
	Author = {Cha, S-H and Whitworth, Anthony Peter},
	Journal = {Monthly Notices of the Royal Astronomical Society},
	Number = {1},
	Pages = {73--90},
	Publisher = {Blackwell Science Ltd Oxford, UK},
	Title = {Implementations and tests of Godunov-type particle hydrodynamics},
	Volume = {340},
	Year = {2003}}

@article{puri2014comparison,
	Author = {Puri, Kunal and Ramachandran, Prabhu},
	Journal = {Journal of Computational Physics},
	Pages = {308--333},
	Publisher = {Elsevier},
	Title = {A comparison of SPH schemes for the compressible Euler equations},
	Volume = {256},
	Year = {2014}}

@article{sigalotti2008adaptive,
	Author = {Sigalotti, Leonardo Di G and L{\'o}pez, Hender},
	Journal = {Computers \& Mathematics with Applications},
	Number = {1},
	Pages = {23--50},
	Publisher = {Elsevier},
	Title = {Adaptive kernel estimation and SPH tensile instability},
	Volume = {55},
	Year = {2008}}

@article{glimm1965solutions,
	Author = {Glimm, James},
	Journal = {Communications on pure and applied mathematics},
	Number = {4},
	Pages = {697--715},
	Publisher = {Wiley Online Library},
	Title = {Solutions in the large for nonlinear hyperbolic systems of equations},
	Volume = {18},
	Year = {1965}}

@article{chorin1976random,
	Author = {Chorin, Alexandre Joel},
	Journal = {Journal of Computational Physics},
	Number = {4},
	Pages = {517--533},
	Publisher = {Elsevier},
	Title = {Random choice solution of hyperbolic systems},
	Volume = {22},
	Year = {1976}}

@article{colella1982glimm,
	Author = {Colella, Phillip},
	Journal = {SIAM Journal on Scientific and Statistical Computing},
	Number = {1},
	Pages = {76--110},
	Publisher = {SIAM},
	Title = {Glimm's method for gas dynamics},
	Volume = {3},
	Year = {1982}}

@article{sod1977numerical,
	Author = {Sod, Gary A},
	Journal = {Journal of Fluid Mechanics},
	Number = {4},
	Pages = {785--794},
	Publisher = {Cambridge University Press},
	Title = {A numerical study of a converging cylindrical shock},
	Volume = {83},
	Year = {1977}}

@article{concus1979numerical,
	Author = {Concus, Paul and Proskurowski, Wlodzimierz},
	Journal = {Journal of Computational Physics},
	Number = {2},
	Pages = {153--166},
	Publisher = {Elsevier},
	Title = {Numerical solution of a nonlinear hyperbolic equation by the random choice method},
	Volume = {30},
	Year = {1979}}

@article{freistuhler1992numerical,
	Author = {Freist{\"u}hler, Heinrich and Pitman, E Bruce},
	Journal = {Journal of Computational Physics},
	Number = {2},
	Pages = {306--321},
	Publisher = {Elsevier},
	Title = {A numerical study of a rotationally degenerate hyperbolic system. Part I. The Riemann problem},
	Volume = {100},
	Year = {1992}}

@article{liu2010smoothed,
	Author = {Liu, MB and Liu, GR},
	Journal = {Archives of computational methods in engineering},
	Number = {1},
	Pages = {25--76},
	Publisher = {Springer},
	Title = {Smoothed particle hydrodynamics (SPH): an overview and recent developments},
	Volume = {17},
	Year = {2010}}

@book{hammersley2013monte,
	Author = {Hammersley, John},
	Publisher = {Springer Science \& Business Media},
	Title = {Monte carlo methods},
	Year = {2013}}

@article{colella1982glimm,
	Author = {Colella, Phillip},
	Journal = {SIAM Journal on Scientific and Statistical Computing},
	Number = {1},
	Pages = {76--110},
	Publisher = {SIAM},
	Title = {Glimm's method for gas dynamics},
	Volume = {3},
	Year = {1982}}

@article{noh1987errors,
	Author = {Noh, William F},
	Journal = {Journal of Computational Physics},
	Number = {1},
	Pages = {78--120},
	Publisher = {Elsevier},
	Title = {Errors for calculations of strong shocks using an artificial viscosity and an artificial heat flux},
	Volume = {72},
	Year = {1987}}

@article{cheng2007high,
	Author = {Cheng, Juan and Shu, Chi-Wang},
	Journal = {Journal of Computational Physics},
	Number = {2},
	Pages = {1567--1596},
	Publisher = {Elsevier},
	Title = {A high order ENO conservative Lagrangian type scheme for the compressible Euler equations},
	Volume = {227},
	Year = {2007}}
	
@book{leveque2002finite,
  title={Finite volume methods for hyperbolic problems},
  author={LeVeque, Randall J},
  volume={31},
  year={2002},
  publisher={Cambridge university press}
}	
